@booklet{rulebook:2013,
    author = {Matt Tabak, Del Laugel and Kelly Digges},
    title = {Magic: the Gathering Basic Rulebook 2013},
    date = {July 2013},
    pages = {4--7},
}

@online{wotc:gameplay,
    author = {Wizards of the Coast},
    title = {SPIELINFOS/GAMEPLAY
    STELLE DEIN EIGENES MAGIC-DECK ZUSAMMEN},
    date = {2016},
    url = {http://magic.wizards.com/de/game-info/gameplay/how-to-build-a-deck},
}

@online{wotc:swiss,
    author = {Wizards of the Coast},
    title = {WHAT ARE SWISS PAIRINGS?},
    date = {2016},
    url = {http://magic.wizards.com/en/game-info/products/magic-online/swiss-pairings},
}

@online{starcitygames:swiss,
    author = {StarCityGames.com},
    title = {What is a Swiss-style tournament?},
    date = {2016},
    url = {http://sales.starcitygames.com/FAQ.php?ID=92}
}

@book{robinsongraph:2015,
    title={Graph Databases: New Opportunities for Connected Data},
    author={Robinson, I. and Webber, J. and Eifrem, E.},
    isbn={9781491930861},
    year={2015},
    publisher={O'Reilly Media}
}

@online{neo4jblog:graph,
    author = {Joy Chao},
    title = "{Graph Databases for Beginners: Graph Theory \& Predictive Modeling}",
    date = {2016},
    url = {https://neo4j.com/blog/graph-theory-predictive-modeling},
}

@techreport{haumagic,
    title={Magic: The Gathering Deck Performance Prediction},
    author={Hau, Roger and Plotkin, Evan and Tran, Hung},
    institution={Stanford University}
}

@online{mtgjson,
    author = {Schults, Robert and Moura, Sergio},
    title = "{MTG JSON}",
    date = {Nov 14, 2016},
    url = {http://mtgjson.com}
}

@online{mtgtop8,
    title = "{MTGTOP8 - netdecking with the stars}",
    date = {September, 2016},
    url = {http://mtgtop8.com}
}

@inproceedings{vicknair2010comparison,
    title={A comparison of a graph database and a relational database: a data provenance perspective},
    author={Vicknair, Chad and Macias, Michael and Zhao, Zhendong and Nan, Xiaofei and Chen, Yixin and Wilkins, Dawn},
    booktitle={Proceedings of the 48th annual Southeast regional conference},
    pages={42},
    year={2010},
    organization={ACM}
}

@inproceedings{johnson2013online,
    title={An Online Database System for Card Stores},
    author={Johnson, G and Wang, Z and Zhang, X},
    booktitle={Proceedings of the International Conference on e-Learning, e-Business, Enterprise Information Systems, and e-Government (EEE)},
    pages={120},
    year={2013},
    organization={The Steering Committee of The World Congress in Computer Science, Computer Engineering and Applied Computing (WorldComp)}
}
@article{jaiswal2013comparative,
    title={Comparative analysis of Relational and Graph databases},
    author={Jaiswal, Garima and Agrawal, Arun Prakash},
    journal={IOSR Journal of Engineering (IOSRJEN)},
    year={2013}
}

@book{lal2015neo4j,
    title={Neo4j Graph Data Modeling},
    author={Lal, M.},
    isbn={9781784397302},
    year={2015},
    publisher={Packt Publishing}
}

@book{teorey2011database,
    title={Database Modeling and Design: Logical Design},
    author={Teorey, T.J. and Lightstone, S.S. and Nadeau, T. and Jagadish, H.V.},
    isbn={9780123820211},
    series={The Morgan Kaufmann Series in Data Management Systems},
    year={2011},
    publisher={Elsevier Science}
}
@book{lanaro2013python,
    title={Python High Performance Programming},
    author={Lanaro, G.},
    isbn={9781783288465},
    series={Community experience distilled},
    year={2013},
    publisher={Packt Publishing}
}
@book{goel2015neo4j,
    title={Neo4j Cookbook},
    author={Goel, A.},
    isbn={9781783287260},
    series={Quick answers to common problems},
    year={2015},
    publisher={Packt Publishing}
}

@book{panzarino2014cypher,
    author = {Panzarino, Onofrio},
    title = {Learning Cypher},
    year = {2014},
    isbn = {1783287756, 9781783287758},
    publisher = {Packt Publishing},
} 

@book{doglio2015mastering,
    title={Mastering Python High Performance},
    author={Doglio, F.},
    isbn={9781783989317},
    year={2015},
    publisher={Packt Publishing}
}
@article{finkpredicting,
    title={Predicting the strength of Magic: The Gathering cards from card mechanics},
    author={Fink, Dustin and Pastel, Benjamin and Sapra, Neil}
}
@inproceedings{chen2009keyword,
    title={Keyword search on structured and semi-structured data},
    author={Chen, Yi and Wang, Wei and Liu, Ziyang and Lin, Xuemin},
    booktitle={Proceedings of the 2009 ACM SIGMOD International Conference on Management of data},
    pages={1005--1010},
    year={2009},
    organization={ACM}
}
@inproceedings{miller2013graph,
    title={Graph database applications and concepts with Neo4j},
    author={Miller, Justin J},
    booktitle={Proceedings of the Southern Association for Information Systems Conference, Atlanta, GA, USA},
    volume={2324},
    year={2013}
}

@book{bartholomew2013getting,
    title={Getting Started with MariaDB},
    author={Bartholomew, D.},
    isbn={9781782168102},
    series={Community experience distilled},
    year={2013},
    publisher={Packt Publishing}
}

@article{perkhounkovfinancial,
    title={Financial Magic},
    author={Perkhounkov, Boris A and Frye, Cooper Gates and Franklin, Emily Margaret}
}